<record><leader>00000cas a2200000 a 4500</leader><controlfield tag="001">35721380</controlfield><controlfield tag="008">961011d19091925miuwr ne      0    0eng c</controlfield><datafield ind1=" " ind2=" " tag="010"><subfield code="a">sn 96077150 </subfield></datafield><datafield ind1=" " ind2=" " tag="040"><subfield code="a">MHN</subfield><subfield code="b">eng</subfield><subfield code="c">MHN</subfield><subfield code="d">OCL</subfield><subfield code="d">OCLCQ</subfield><subfield code="d">OCLCF</subfield><subfield code="d">OCLCO</subfield></datafield><datafield ind1="1" ind2=" " tag="029"><subfield code="a">AU@</subfield><subfield code="b">000012911066</subfield></datafield><datafield ind1=" " ind2=" " tag="042"><subfield code="a">pcc</subfield></datafield><datafield ind1=" " ind2=" " tag="043"><subfield code="a">n-us-mi</subfield></datafield><datafield ind1="0" ind2="4" tag="245"><subfield code="a">The Lake Odessa wave-times.</subfield></datafield><datafield ind1=" " ind2=" " tag="260"><subfield code="a">Lake Odessa, Mich. :</subfield><subfield code="b">A.J. Dann</subfield></datafield><datafield ind1=" " ind2=" " tag="300"><subfield code="a">v.</subfield></datafield><datafield ind1=" " ind2=" " tag="310"><subfield code="a">Weekly</subfield></datafield><datafield ind1="1" ind2=" " tag="362"><subfield code="a">Began in 1909.</subfield></datafield><datafield ind1="0" ind2=" " tag="362"><subfield code="a">-v. 15, no. 7 (May 8, 1925) = old v. 32.</subfield></datafield><datafield ind1=" " ind2=" " tag="515"><subfield code="a">Issues for: May 13, 1910- also called: Old vol. 22-</subfield></datafield><datafield ind1=" " ind2=" " tag="580"><subfield code="a">Formed by the union of: Lake Odessa wave (Lake Odessa, Mich. : 1889), and: Lake Odessa times.</subfield></datafield><datafield ind1=" " ind2=" " tag="588"><subfield code="a">Description based on: Vol. 1, no. 14 (Jan. 7, 1910).</subfield></datafield><datafield ind1=" " ind2="0" tag="651"><subfield code="a">Lake Odessa (Mich.)</subfield><subfield code="v">Newspapers.</subfield></datafield><datafield ind1=" " ind2="0" tag="651"><subfield code="a">Ionia County (Mich.)</subfield><subfield code="v">Newspapers.</subfield></datafield><datafield ind1=" " ind2="7" tag="655"><subfield code="a">Newspapers.</subfield><subfield code="2">fast</subfield><subfield code="0">(OCoLC)fst01423814</subfield></datafield><datafield ind1=" " ind2="7" tag="651"><subfield code="a">Michigan</subfield><subfield code="z">Ionia County.</subfield><subfield code="2">fast</subfield><subfield code="0">(OCoLC)fst01214778</subfield></datafield><datafield ind1=" " ind2="7" tag="651"><subfield code="a">Michigan</subfield><subfield code="z">Lake Odessa.</subfield><subfield code="2">fast</subfield><subfield code="0">(OCoLC)fst01251968</subfield></datafield><datafield ind1=" " ind2=" " tag="752"><subfield code="a">United States</subfield><subfield code="b">Michigan</subfield><subfield code="c">Ionia</subfield><subfield code="d">Lake Odessa.</subfield></datafield><datafield ind1="1" ind2="4" tag="780"><subfield code="t">Lake Odesssa wave (Lake Odessa, Mich. : 1889)</subfield><subfield code="w">(DLC)sn 96077148</subfield><subfield code="w">(OCoLC)35731282</subfield></datafield><datafield ind1="1" ind2="4" tag="780"><subfield code="t">Lake Odessa times</subfield><subfield code="w">(DLC)sn 96077149</subfield><subfield code="w">(OCoLC)35731225</subfield></datafield><datafield ind1="0" ind2="0" tag="785"><subfield code="t">Lake Odessa wave and the Lake Odessa times</subfield><subfield code="w">(DLC)sn 96077152</subfield><subfield code="w">(OCoLC)35731397</subfield></datafield></record>